@ARTICLE{shortIntro,
AUTHOR="Wolfgang Lederer,  Helmut KÃ¼chenhoff",
TITLE="A short Introduction to the SIMEX and MCSIMEX",
JOURNAL="R News",
VOLUME= "6",
ISSUE = "4",
PAGES= "26--31",
YEAR=2006
}
@techreport{butler1993distribution,
  title={The distribution of a sum of binomial random variables},
  author={Butler, Ken and Stephens, Michael},
  year={1993},
  institution={DTIC Document}
}